@ARTICLE {anxiety_definition,
    author  = "Oxford Press",
    title   = "Anxiety",
    journal = "Oxford English Dictionary",
    year    = "2015"
}
@Book{burton2006,
 author = {Burton, Robert},
 title = {Anatomía de la melancolía},
 publisher = {Alianza Editorial},
 year = {2006},
 address = {Madrid},
 isbn = {84-206-6026-4}
}
@inproceedings{haustgen2004propos,
  title={{\`A} propos du centenaire de la psychasth{\'e}nie (1903): Les troubles obsessionnels-compulsifs dans la psychiatrie fran{\c{c}}aise: revue historique},
  author={Haustgen, T},
  booktitle={Annales M{\'e}dico-psychologiques, revue psychiatrique},
  volume={162},
  number={6},
  pages={427--440},
  year={2004},
  organization={Elsevier}
}
@article{liebowitz1985social,
  title={Social phobia: Review of a neglected anxiety disorder},
  author={Liebowitz, Michael R and Gorman, Jack M and Fyer, Abby J and Klein, Donald F},
  journal={Archives of general psychiatry},
  volume={42},
  number={7},
  pages={729--736},
  year={1985},
  publisher={American Medical Association}
}
@article{rosen2013facebook,
  title={Is Facebook creating “iDisorders”? The link between clinical symptoms of psychiatric disorders and technology use, attitudes and anxiety},
  author={Rosen, Larry D and Whaling, K and Rab, S and Carrier, L Mark and Cheever, Nancy A},
  journal={Computers in Human Behavior},
  volume={29},
  number={3},
  pages={1243--1254},
  year={2013},
  publisher={Elsevier}
}
@article{pierce2009social,
  title={Social anxiety and technology: Face-to-face communication versus technological communication among teens},
  author={Pierce, Tamyra},
  journal={Computers in Human Behavior},
  volume={25},
  number={6},
  pages={1367--1372},
  year={2009},
  publisher={Elsevier}
}
@book{leitenberg1990handbook,
  title={Handbook of social and evaluation anxiety},
  author={Leitenberg, Harold},
  year={1990},
  publisher={Springer Science \& Business Media}
}
@article{przybylski2013motivational,
  title={Motivational, emotional, and behavioral correlates of fear of missing out},
  author={Przybylski, Andrew K and Murayama, Kou and DeHaan, Cody R and Gladwell, Valerie},
  journal={Computers in Human Behavior},
  volume={29},
  number={4},
  pages={1841--1848},
  year={2013},
  publisher={Elsevier}
}
@article{Vaughn2012Fear,
  title={Fear of Missing Out (FOMO)},
  author={Vaughn, Jessica},
  journal={A report from JWTIntelligence},
  year={2012}
}
@article{chou2012they,
  title={“They are happier and having better lives than I am”: the impact of using Facebook on perceptions of others' lives},
  author={Chou, Hui-Tzu Grace and Edge, Nicholas},
  journal={Cyberpsychology, Behavior, and Social Networking},
  volume={15},
  number={2},
  pages={117--121},
  year={2012},
  publisher={Mary Ann Liebert, Inc. 140 Huguenot Street, 3rd Floor New Rochelle, NY 10801 USA}
}

@article{hingorani2012exploring,
  title={Exploring How smartphones supports students' lives},
  author={Hingorani, Kamal K and Woodard, Donald and Askari-Danesh, N},
  journal={Issues in Information Systems},
  volume={13},
  number={2},
  pages={33--40},
  year={2012}
}


@article{tandoc2015facebook,
  title={Facebook use, envy, and depression among college students: Is facebooking depressing?},
  author={Tandoc, Edson C and Ferrucci, Patrick and Duffy, Margaret},
  journal={Computers in Human Behavior},
  volume={43},
  pages={139--146},
  year={2015},
  publisher={Elsevier}
}

@article{kirschner2010facebook,
  title={Facebook and academic performance},
  author={Kirschner, Paul A and Karpinski, Aryn C},
  journal={Computers in human behavior},
  volume={26},
  number={6},
  pages={1237--1245},
  year={2010},
  publisher={Elsevier}
}

@article{johnson2015all,
  title={All about that base: differing player experiences in video game genres and the unique case of MOBA games},
  author={Johnson, Daniel and Nacke, Lennart and Wyeth, Peta},
  year={2015},
  publisher={ACM Press (Association for Computing Machinery)}
}

@article{lo2005physical,
  title={Physical interpersonal relationships and social anxiety among online game players},
  author={Lo, Shao-Kang and Wang, Chih-Chien and Fang, Wenchang},
  journal={CyberPsychology \& Behavior},
  volume={8},
  number={1},
  pages={15--20},
  year={2005},
  publisher={Mary Ann Liebert, Inc. 2 Madison Avenue Larchmont, NY 10538 USA}
}

@article{sussman2011considering,
  title={Considering the definition of addiction},
  author={Sussman, Steve and Sussman, Alan N},
  journal={International journal of environmental research and public health},
  volume={8},
  number={10},
  pages={4025--4038},
  year={2011},
  publisher={Molecular Diversity Preservation International}
}

@incollection{breslin2009social,
  title={Social networks},
  author={Breslin, John G and Passant, Alexandre and Decker, Stefan},
  booktitle={The Social Semantic Web},
  pages={175--177},
  year={2009},
  publisher={Springer}
}

@article{hamari2010game,
  title={Game design as marketing: How game mechanics create
  demand for virtual goods},
  author={Hamari, Juho and Lehdonvirta, Vili},
  journal={International Journal of Business Science \& Applied
  Management},
  volume={5},
  number={1},
  pages={14--29},
  year={2010}
}

@misc{lowery2013why,
  title={Why Social Media Is So Addictive (And Why Marketers Should Care)},
  author={Lowery, Tom},
  year={2013}
}

@misc{trl2012dont,
  title={Don’t poke me I’m driving: A simulator study on smartphone use},
  author={TransportResearchLaboratory},
  year={2012}
}

@misc{kelly2013report,
  title={Report: 56\% of Social Media Users Suffer From FOMO},
  author={Kelly, Samantha Murphy},
  year={2013}
}